@INPROCEEDINGS{p2pwned, 
author={C. {Rossow} and D. {Andriesse} and T. {Werner} and B. {Stone-Gross} and D. {Plohmann} and C. J. {Dietrich} and H. {Bos}}, 
booktitle={2013 IEEE Symposium on Security and Privacy}, 
title={SoK: P2PWNED - Modeling and Evaluating the Resilience of Peer-to-Peer Botnets}, 
year={2013}, 
volume={}, 
number={}, 
pages={97-111}, 
keywords={computer network security;peer-to-peer computing;SoK;P2PWNED;centralized botnets;computer security researchers;law enforcement;botnet operators;peer-to-peer infrastructures;node enumeration;node poisoning;formal graph model;intrinsic properties;active P2P botnets;mitigation strategies;Peer-to-peer computing;Resilience;Storms;Protocols;Malware;Topology;Servers}, 
doi={10.1109/SP.2013.17}, 
ISSN={1081-6011}, 
}

@INPROCEEDINGS{kang, 
author={J. {Kang} and J. {Zhang}}, 
booktitle={2009 Second International Symposium on Electronic Commerce and Security}, 
title={Application Entropy Theory to Detect New Peer-to-Peer Botnet with Multi-chart CUSUM}, 
year={2009}, 
volume={1}, 
number={}, 
pages={470-474}, 
keywords={entropy;Internet;peer-to-peer computing;security of data;software agents;application entropy theory;peer-to-peer botnet detection;multichart CUSUM;Internet security;distributed denial of service attacks;email spamming;malicious activities;decentralized architecture;Peer to peer computing;Storms;Internet;Information entropy;Computer security;Testing;Network servers;Web server;Electronic commerce;Application software;P2P Botnet;Storm;Multi-chart CUSUM;Information Entropy;Detection}, 
doi={10.1109/ISECS.2009.61}, 
ISSN={}, 
}

@inproceedings{indexattack,
 author = {Yoshida, Masahiro and Ohzahata, Satoshi and Nakao, Akihiro and Kawashima, Konosuke},
 title = {Controlling File Distribution in Winny Network Through Index Poisoning},
 booktitle = {Proceedings of the 23rd International Conference on Information Networking},
 series = {ICOIN'09},
 year = {2009},
 isbn = {978-1-4244-4526-4},
 pages = {210--214},
 numpages = {5},
 url = {http://dl.acm.org/citation.cfm?id=1699392.1699435},
 acmid = {1699435},
 publisher = {IEEE Press},
 address = {Piscataway, NJ, USA},
} 

@inproceedings{indexattack-def,
author = {Zhang, Peiqing and Helvik, Bjarne},
year = {2011},
month = {02},
pages = {131 - 135},
title = {Modeling and analysis of P2P content distribution under coordinated attack strategies},
journal = {2011 IEEE Consumer Communications and Networking Conference, CCNC'2011},
doi = {10.1109/CCNC.2011.5766437}
}

@article{proactive,
author = {Leder, Felix and Werner, Tillmann and Martini, Peter},
year = {2009},
month = {01},
pages = {},
title = {Proactive Botnet Countermeasures â€“ An Offensive Approach}
}

@INPROCEEDINGS{sybil, 
author={C. R. {Davis} and J. M. {Fernandez} and S. {Neville} and J. {McHugh}}, 
booktitle={2008 3rd International Conference on Malicious and Unwanted Software (MALWARE)}, 
title={Sybil attacks as a mitigation strategy against the Storm botnet}, 
year={2008}, 
volume={}, 
number={}, 
pages={32-40}, 
keywords={peer-to-peer computing;protocols;security of data;telecommunication traffic;Storm botnet;Sybil attacks;mitigation strategy;command and control channels;peer-to-peer networks;file-sharing P2P networks;Storms;Peer to peer computing;Command and control systems;Protocols;Software tools;Microcomputers;Personnel;Recruitment;Marketing and sales;Counterfeiting}, 
doi={10.1109/MALWARE.2008.4690855}, 
ISSN={}, 
}

@TECHREPORT {enisa,
    author      = "Daniel Plohmann, Elmar Gerhards-Padilla, Felix Leder",
    title       = "Botnets: Measurement, Detection, Disinfection and Defence",
    institution = "enisa",
    year        = "2011"
}

@inproceedings{sybil-crawl,
 author = {Holz, Thorsten and Steiner, Moritz and Dahl, Frederic and Biersack, Ernst and Freiling, Felix},
 title = {Measurements and Mitigation of Peer-to-peer-based Botnets: A Case Study on Storm Worm},
 booktitle = {Proceedings of the 1st Usenix Workshop on Large-Scale Exploits and Emergent Threats},
 series = {LEET'08},
 year = {2008},
 location = {San Francisco, California},
 pages = {9:1--9:9},
 articleno = {9},
 numpages = {9},
 url = {http://dl.acm.org/citation.cfm?id=1387709.1387718},
 acmid = {1387718},
 publisher = {USENIX Association},
} 

@ONLINE {silverpath,
    author = "Karine e Silva",
    title  = "A Silver Path: Ideas for Improving Lawful Sharing of Botnet Evidence with Law Enforcement",
    url    = "https://www.botconf.eu/2017/a-silver-path-ideas-for-improving-lawful-sharing-of-botnet-evidence-with-law-enforcement/"
}

@inproceedings{ethical,
 author = {Dittrich, David and Leder, Felix and Werner, Tillmann},
 title = {A Case Study in Ethical Decision Making Regarding Remote Mitigation of Botnets},
 booktitle = {Proceedings of the 14th International Conference on Financial Cryptograpy and Data Security},
 series = {FC'10},
 year = {2010},
 isbn = {3-642-14991-X, 978-3-642-14991-7},
 pages = {216--230},
 numpages = {15},
 url = {http://dl.acm.org/citation.cfm?id=1894863.1894883},
 acmid = {1894883},
 publisher = {Springer-Verlag},
 address = {Berlin, Heidelberg},
} 

@misc{goodin_2016, title={Brace yourselves-source code powering potent IoT DDoSes just went public}, url={https://arstechnica.com/information-technology/2016/10/brace-yourselves-source-code-powering-potent-iot-ddoses-just-went-public/}, journal={Ars Technica}, author={Goodin, Dan}, year={2016},}

@inproceedings{mirai,
 author = {Antonakakis, Manos and April, Tim and Bailey, Michael and Bernhard, Matthew and Bursztein, Elie and Cochran, Jaime and Durumeric, Zakir and Halderman, J. Alex and Invernizzi, Luca and Kallitsis, Michalis and Kumar, Deepak and Lever, Chaz and Ma, Zane and Mason, Joshua and Menscher, Damian and Seaman, Chad and Sullivan, Nick and Thomas, Kurt and Zhou, Yi},
 title = {Understanding the Mirai Botnet},
 booktitle = {Proceedings of the 26th USENIX Conference on Security Symposium},
 series = {SEC'17},
 year = {2017},
 isbn = {978-1-931971-40-9},
 pages = {1093--1110},
 numpages = {18},
 url = {http://dl.acm.org/citation.cfm?id=3241189.3241275},
 acmid = {3241275},
 publisher = {USENIX Association},
 address = {Berkeley, CA, USA},
} 

@misc{briankrebs, title={Krebs on Security}, url={https://krebsonsecurity.com/2014/06/operation-tovar-targets-gameover-zeus-botnet-cryptolocker-scourge/}, journal={Brian Krebs}}
@ONLINE {complaint,
    url = "https://www.justice.gov/sites/default/files/opa/legacy/2014/05/30/complaint.pdf",
    author = "David J. Hickton",
    year = "2014"
}

@ONLINE {cloudflare,
    author = "Elie Bursztein",
    title  = "Inside the infamous Mirai IoT Botnet: A Retrospective Analysis",
    year   = "2017",
    url    = "https://blog.cloudflare.com/inside-mirai-the-infamous-iot-botnet-a-retrospective-analysis/"
}
@article{Sidi2019MaskDGAAB,
  title={MaskDGA: A Black-box Evasion Technique Against DGA Classifiers and Adversarial Defenses},
  author={Lior Sidi and Asaf Nadler and Asaf Shabtai},
  journal={CoRR},
  year={2019},
  volume={abs/1902.08909}
}

@ONLINE {nginx,
    author = "Amir Rawdat",
    title  = "Testing the Performance of NGINX and NGINX Plus Web Servers",
    year   = "2017",
    url    = "https://www.nginx.com/blog/testing-the-performance-of-nginx-and-nginx-plus-web-servers/"
}

@ONLINE {bitdefender,
    author = "Doina Cosovan",
    title  = "Gameover Zeus Variants Targeting Ukraine, US",
    year   = "2014",
    url    = "https://labs.bitdefender.com/2014/08/gameover-zeus-variants-targeting-ukraine-us/"
}

@ONLINE {xkcd,
    title = "Smart Home Security",
    url   = "https://xkcd.com/1966/"
}
@UNPUBLISHED {defcon18,
    author = "Dennis Brown",
    title  = "Resilient Botnet Command and Control with Tor",
    note   = "A video of the talk can be found under: https://www.youtube.com/watch?v=X7kkwOjsFQA",
    year   = "2013"
}

@UNPUBLISHED {defcon21,
    author = "Werner Tillmann",
    title  = "Prowling Peer-to-Peer Botnets After Dark",
    note   = "A video of the talk can be found under: https://www.youtube.com/watch?v=sJiknNjeIE8",
    year   = "2013"
}
@UNPUBLISHED {storm,
    author = "Georg Wicherski, Tillmann Werner, Felix Leder and Mark Schloesser",
    title  = "Stormfucker: Owning the Storm Botnet",
    note   = "A video of the talk can be found in under media.ccc.de",
    year   = "2008"
}
@BOOKLET {stuxnet,
    title        = "W32.Stuxnet Dossier",
    author       = "Nicolas Falliere, Liam O Murchu, and Eric Chien",
    howpublished = "PDF",
    year         = "2011"
}
@MISC{Holz_measuringand,
    author = {Thorsten Holz and Christian Gorecki and Konrad Rieck and Felix C. Freiling},
    title = {Measuring and Detecting Fast-Flux Service Networks},
    year = {}
}
@misc{baderj, title={baderj/domain\_generation\_algorithms}, url={https://github.com/baderj/domain_generation_algorithms/blob/master/mydoom/dga.py}, journal={GitHub}, author={Baderj}}